@book{quarteroni2017,
  title={Numerical Mathematics},
  author={Quarteroni, A. and Sacco, R. and Saleri, F.},
  series={Texts in Applied Mathematics},
  doi={\url{https://doi.org/10.1007/978-0-387-22750-4}},
  year={2017},
  publisher={Springer New York}
}
